%% This BibTeX bibliography file was created using BibDesk.
%% http://bibdesk.sourceforge.net/

%% Created for Haroen Viaene at 2017-03-25 17:33:11 +0100


%% Saved with string encoding Unicode (UTF-8)



@webpage{algolia-press,
	Author = {\relax Algolia SAS},
	Howpublished = {\url{https://www.algolia.com/press#resources}},
	Lastchecked = {2017-03-25},
	Title = {Algolia | Press resources},
	Url = {https://www.algolia.com/press#resources},
	Year = {2017},
	Bdsk-Url-1 = {https://www.algolia.com/press#resources}}

@webpage{algolia-home,
	Author = {\relax Algolia SAS},
	Howpublished = {\url{https://www.algolia.com}},
	Lastchecked = {2017-03-25},
	Title = {Algolia | Home},
	Url = {https://www.algolia.com},
	Year = {2017},
	Bdsk-Url-1 = {https://www.algolia.com}}

@webpage{instantsearch-js,
	Author = {\relax Algolia SAS},
	Date-Modified = {2017-03-25 16:32:19 +0000},
	Howpublished = {\url{https://community.algolia.com/instantsearch.js/}},
	Lastchecked = {2017-03-25},
	Title = {instantsearch.js},
	Url = {https://community.algolia.com/instantsearch.js/},
	Year = {2015},
	Bdsk-Url-1 = {https://community.algolia.com/instantsearch.js/}}

@webpage{react-instantsearch,
	Author = {\relax Algolia SAS},
	Date-Modified = {2017-03-25 16:32:15 +0000},
	Howpublished = {\url{https://community.algolia.com/instantsearch.js/react/}},
	Lastchecked = {2017-03-25},
	Title = {react-instantsearch},
	Url = {https://community.algolia.com/instantsearch.js/react/},
	Year = {2016},
	Bdsk-Url-1 = {https://community.algolia.com/instantsearch.js/react/}}

@webpage{instantsearch-android,
	Author = {\relax Algolia SAS},
	Date-Modified = {2017-03-25 16:32:12 +0000},
	Howpublished = {\url{https://community.algolia.com/instantsearch-android}},
	Lastchecked = {2017-03-25},
	Title = {instantsearch-android},
	Url = {https://community.algolia.com/instantsearch-android},
	Year = {2017},
	Bdsk-Url-1 = {https://community.algolia.com/instantsearch-android}}

@webpage{instantsearch-ios,
	Author = {\relax Algolia SAS},
	Date-Modified = {2017-03-25 16:32:04 +0000},
	Howpublished = {\url{https://community.algolia.com/instantsearch-core-swift/}},
	Lastchecked = {2017-03-25},
	Title = {instantsearch-ios},
	Url = {https://community.algolia.com/instantsearch-core-swift/},
	Year = {2017},
	Bdsk-Url-1 = {https://community.algolia.com/instantsearch-core-swift/}}

@phdthesis{fielding2000architectural,
	Author = {Fielding, Roy Thomas},
	School = {University of California, Irvine},
	Title = {Architectural styles and the design of network-based software architectures},
	Year = {2000}}

@article{kimbrell1988searching,
	Author = {Kimbrell, Roy E},
	Journal = {Byte},
	Number = {5},
	Pages = {297--312},
	Publisher = {McGraw-Hill, Inc.},
	Title = {Searching for text? Send an n-gram},
	Volume = {13},
	Year = {1988}}
